% @article{potter2014detecting,
%  title={Detecting meaning in RSVP at 13 ms per picture},
%  author={Potter, Mary C and Wyble, Brad and Hagmann, Carl Erick and McCourt, Emily S},
%  journal={Attention, Perception, \& Psychophysics},
%  volume={76},
%  number={2},
%  pages={270--279},
%  year={2014},
%  publisher={Springer}
%}


@online{Ella Puman Kõrgem matemaatika II,
		title={Kõrgem matemaatika II}
		date={2016}
		author={Ella Puman}
		url={https://courses.ms.ut.ee/MTMM.00.341/2016_fall/uploads/Main/Loengukonspekti%20III%20osa }
}